@misc{drawio,
  title={draw.io: Flowchart Maker \& Online Diagram Software}, 
  url={https://app.diagrams.net/}, 
  journal={Flowchart Maker \& Online Diagram Software},
  note={\url{https://app.diagrams.net/}}
}
@misc{TCPvsUDP_geeksforgeeks,
  title={Differences between TCP and UDP},
  url={https://www.geeksforgeeks.org/differences-between-tcp-and-udp/},
  journal={Differences between TCP and UDP},
  note={\url{https://www.geeksforgeeks.org/differences-between-tcp-and-udp/}}
}
@misc{ros2_documentation,
  title={ROS2 Documentation},
  url={https://docs.ros.org/en/foxy/index.html},
  journal={ROS2 Documentation},
  note={\url{https://docs.ros.org/en/foxy/index.html}}
}
@misc{paho_cpp,
  title={Paho MQTT cpp library},
  url={https://github.com/eclipse/paho.mqtt.cpp},
  journal={Paho MQTT cpp library},
  note={\url{https://github.com/eclipse/paho.mqtt.cpp}}
}
@misc{paho_c,
  title={Paho MQTT c library},
  url={https://github.com/eclipse/paho.mqtt.c},
  journal={Paho MQTT c library},
  note={\url{https://github.com/eclipse/paho.mqtt.c}}
}
@misc{SAE_autonomous_vehicle,
  title={SAE international: SAE Levels of Driving Automation},
  url={https://www.sae.org/blog/sae-j3016-update},
  journal={SAE international: SAE Levels of Driving Automation},
  note={\url{https://www.sae.org/blog/sae-j3016-update}}
}
